@Book{P2,
  author     = "Chen-Chung Chang and H. Jerome Keisler",
  title      = "Model Theory",
  publisher  = "North-Holland",
  edition   = {Third},
  year       = 1990,
}

@incollection{Sacks1974,
	author = {Sacks, H. and Schegloff, E.A. and Jefferson, G.},
	title = {A simplest systematics for the organization of turn-taking for conversation},
	year = {1974},
	journal = {Language},
	volume = {50},
	number = {4},
	pages = {696 â€“ 735},
	type = {Article},
	source = {Scopus}
}
